@article{SystemC,
  title={SystemC},
  author={{Accellera Systems Initiative} and others},
  journal={Online, December},
  year={2013}
}

@article{IEEE754,
  title={IEEE Standard 754 for Binary Floating-Point Arithmetic},
  author={IEEE Computer Society},
  journal={Online},
  year={1985}
}

@misc{Vivado,
  title = {Vivado},
  howpublished = "\url{https://www.xilinx.com/products/design-tools/vivado.html}"
}

@misc{CC65,
  title = {CC65},
  howpublished = "\url{https://github.com/cc65/cc65}"
}