@misc{HDL,
  title = {HDL},
  howpublished = "\url{https://en.wikipedia.org/wiki/Hardware_description_language}"
}

@article{SystemC,
  title={SystemC},
  author={{Accellera Systems Initiative} and others},
  journal={Online, December},
  year={2013}
}

@misc{HLS,
  title = {HLS},
  howpublished = "\url{https://en.wikipedia.org/wiki/High-level_synthesis}"
}

@article{IEEE754,
  title={IEEE Standard 754 for Binary Floating-Point Arithmetic},
  author={IEEE Computer Society},
  journal={Online},
  year={1985}
}

@misc{IEEE754Wiki,
  title = {IEEE 754},
  howpublished = "\url{https://en.wikipedia.org/wiki/IEEE_754}"
}

@misc{IEEE754Note,
  title        = {IEEE 754 Lectures notes},
  howpublished = {"\url{http://li.mit.edu/Archive/Activities/Archive/CourseWork/Ju_Li/MITCourses/18.335/Doc/IEEE754/ieee754.pdf}"},
}

@misc{IEEE754Online,
  title        = {IEEE 754 Lectures notes},
  howpublished = {"\url{http://steve.hollasch.net/cgindex/coding/ieeefloat.html}"},
}

@misc{Vivado,
  title = {Vivado},
  howpublished = "\url{https://www.xilinx.com/products/design-tools/vivado.html}"
}