@misc{HDL,
  title = {HDL},
  howpublished = "\url{https://en.wikipedia.org/wiki/Hardware_description_language}"
}

@article{SystemC,
  title={SystemC},
  author={{Accellera Systems Initiative} and others},
  journal={Online, December},
  year={2013}
}

@misc{HLS,
  title = {HLS},
  howpublished = "\url{https://en.wikipedia.org/wiki/High-level_synthesis}"
}

@misc{IEEE754,
  title = {IEEE 754},
  howpublished = "\url{https://en.wikipedia.org/wiki/IEEE_754}"
}

@misc{IEEE754Mult,
  title = {IEEE 754 Multiplication},
  howpublished = "\url{https://en.wikipedia.org/wiki/Single-precision_floating-point_format}"
}

@misc{Vivado,
  title = {Vivado},
  howpublished = "\url{https://www.xilinx.com/products/design-tools/vivado.html}"
}